@misc{website:pybrain-tutorial,
      author = "pybrain.org.",
      title = "Classification with Feed-Forward Neural Networks",
      month = "January",
      year = "2015",
      url = "http://pybrain.org/docs/tutorial/fnn.html"
},

@ARTICLE{Dorffner96neuralnetworks,
    author = {Georg Dorffner},
    title = {Neural Networks for Time Series Processing},
    journal = {Neural Network World},
    year = {1996},
    volume = {6},
    pages = {447--468}
},
