@misc{website:pybrain-tutorial,
      author = "pybrain.org.",
      title = "Classification with Feed-Forward Neural Networks",
      month = "January",
      year = "2015",
      url = "http://pybrain.org/docs/tutorial/fnn.html"
},

@misc{website:redmonk-languages,
      author = "Stephen O'Grady",
      title = "The RedMonk Programming Language Rankings: January 2015",
      month = "January",
      year = "2015",
      url = "http://redmonk.com/sogrady/2015/01/14/language-rankings-1-15/"
},

@ARTICLE{Dorffner96neuralnetworks,
    author = {Georg Dorffner},
    title = {Neural Networks for Time Series Processing},
    journal = {Neural Network World},
    year = {1996},
    volume = {6},
    pages = {447--468}
},

@book{malkielrandomwalk,
  title={A random walk down Wall Street: the time-tested strategy for successful investing},
  author={Malkiel, Burton Gordon},
  year={2003},
  publisher={WW Norton \& Company}
}

@article{dimson1998brief,
  title={A brief history of market efficiency},
  author={Dimson, Elroy and Mussavian, Massoud},
  journal={European financial management},
  volume={4},
  number={1},
  pages={91--103},
  year={1998},
  publisher={Wiley Online Library}
}

@article{basu1983relationship,
  title={The relationship between earnings' yield, market value and return for NYSE common stocks: Further evidence},
  author={Basu, Sanjoy},
  journal={Journal of financial economics},
  volume={12},
  number={1},
  pages={129--156},
  year={1983},
  publisher={Elsevier}
}

@book{graham1934security,
  title={Security analysis},
  author={Graham, Benjamin and Dodd, David Le Fevre and Cottle, Sidney},
  year={1934},
  publisher={McGraw-Hill New York}
}

@book{schroeder2008snowball,
  title={The snowball: Warren Buffett and the business of life},
  author={Schroeder, Alice},
  year={2008},
  publisher={Random House LLC}
}

@article{schaul2010,
  author = {Schaul, Tom and Bayer, Justin and Wierstra, Daan and Sun, Yi and Felder, Martin and Sehnke, Frank and R\"{u}ckstie\ss, Thomas and Schmidhuber, J\"{u}rgen},
  journal = {Journal of Machine Learning Research},
  keywords = {machine learning,neural networks,optimization,python,reinforcement learning},
  title = {{PyBrain}},
  year = {2010}
}

@Misc{scipy,
  author =    {Eric Jones and Travis Oliphant and Pearu Peterson and others},
  title =     {{SciPy}: Open source scientific tools for {Python}},
  year =      {2001--},
  url = "http://www.scipy.org/"
}
